<collection xmlns="http://www.loc.gov/MARC21/slim">
<record>
  <leader>00762nam0a2200193 i 450 </leader>
  <controlfield tag="001">IT\ICCU\CNCE\078142</controlfield>
  <controlfield tag="005">20130717000000.0</controlfield>
  <datafield tag="012" ind1=" " ind2=" ">
    <subfield code="a">ruhe a.l- o-r- enc- (C) 1581 (R)</subfield>
    <subfield code="2">fei</subfield>
  </datafield>
  <datafield tag="100" ind1=" " ind2=" ">
    <subfield code="a">20130717d1581        0itac0103    ba</subfield>
  </datafield>
  <datafield tag="101" ind1=" " ind2=" ">
    <subfield code="a">ITA</subfield>
  </datafield>
  <datafield tag="102" ind1=" " ind2=" ">
    <subfield code="a">IT</subfield>
  </datafield>
  <datafield tag="200" ind1="1" ind2=" ">
    <subfield code="a">Introduttione d&apos;Annibale Raimondo veronese, sopra l&apos;eclisse della luna, che fara il Genaro 1581. Indrizzato alla magnifica citta, che l&apos;Adige scorrendo in due parti diuide</subfield>
  </datafield>
  <datafield tag="210" ind1=" " ind2=" ">
    <subfield code="d">1581</subfield>
  </datafield>
  <datafield tag="215" ind1=" " ind2=" ">
    <subfield code="a">\8! c.</subfield>
    <subfield code="c">ill.</subfield>
    <subfield code="d">4ʻ</subfield>
  </datafield>
  <datafield tag="700" ind1=" " ind2="1">
    <subfield code="a">Raimondo,</subfield>
    <subfield code="b">Annibale</subfield>
    <subfield code="3">IT\ICCU\CNCA\009360</subfield>
  </datafield>
  <datafield tag="712" ind1="0" ind2="2">
    <subfield code="a">s.n.</subfield>
    <subfield code="3">IT\ICCU\CNCT\000002</subfield>
    <subfield code="4">650</subfield>
  </datafield>
  <datafield tag="790" ind1=" " ind2="1">
    <subfield code="a">Raimondi,</subfield>
    <subfield code="b">Annibale</subfield>
    <subfield code="3">IT\ICCU\CNCA\017329</subfield>
    <subfield code="z">Raimondo, Annibale</subfield>
  </datafield>
  <datafield tag="801" ind1=" " ind2="3">
    <subfield code="a">IT</subfield>
    <subfield code="b">ICCU</subfield>
    <subfield code="c">20201115</subfield>
  </datafield>
  <datafield tag="899" ind1=" " ind2=" ">
    <subfield code="a">Biblioteca nazionale Marciana. Venezia</subfield>
    <subfield code="1">VE0049</subfield>
    <subfield code="2">VEA BM</subfield>
  </datafield>
</record>
</collection>
